@manual{gzm48s-owners,
  title={Stand On Mower 2501802 (Model No. GZM48S) Owner's Manual},
  author={Greenworks Commercial},
  address={Greenworks Commercial Tools, PO Box 1238, Mooresville, NC 28115},
  date={2017-07-20},
  pagetotal={47},
}
@manual{gzm48s-parts,
  title={Stand On Mower 2501802 (Model No. GZM48S) Parts Manual},
  author={Greenworks Commercial},
  address={Greenworks Commercial Tools, PO Box 1238, Mooresville, NC 28115},
  date={2017},
  pagetotal={38},
}
@manual{pcan,
  title={PCAN-USB CAN Interface for USB User Manual},
  author={PEAK-System Technik GmbH},
  address={Otto-Roehm-Strasse 69, 64293 Darmstadt, Germany},
  date={2019-03-05},
  version={2.6.0},
  pagetotal={33},
}
@techreport{iso118982,
  author={ISO/TC 22/SC 31},
  title={Road vehicles{\textemdash}Controller area network (CAN){\textemdash}Part 2: High-speed medium access unit},
  number={ISO 11898-2:2016},
  date={2016-12},
  version={2},
  pagetotal={25},
}
@techreport{iso118983,
  author={ISO/TC 22/SC 31},
  title={Road vehicles{\textemdash}Controller area network (CAN){\textemdash}Part 3: Low-speed, fault-tolerant, medium-dependent interface},
  number={ISO 11898-3:2006},
  date={2006-06},
  pagetotal={25},
}
@techreport{cia301,
  author={CAN in Automation (CiA)},
  title={CANopen application layer and communication profile},
  number={CiA 301},
  date={2011-02-21},
  pagetotal={158},
}
@techreport{cia3031,
  author={CAN in Automation (CiA)},
  title={Cabling and Connector Pin Assignment},
  number={CiA 303-1},
  date={2017-09-18},
  pagetotal={24},
}
@manual{curtis1234,
  author={{Curtis Instruments, Inc.}},
  title={1232, 1234, 1236, and 1238 AC Induction Motor Controllers},
  date={2011-03-01},
  number={37022},
  url={http://etukusa.com/wp-content/uploads/2015/12/Curtis-Controller-full-manual-1.pdf},
  pagetotal={134},
}
@manual{sja1000,
  author={Philips},
  title={SJA1000 Stand-alone CAN controller data sheet},
  date={2000-01-04},
  number={IC18},
  pagetotal={68},
}
@manual{pca82c251,
  author={NXP},
  title={PCA82C251 CAN transceiver for 24 V systems data sheet},
  date={2011-08-25},
  version={.04},
  pagetotal={17},
}
@misc{wireshark,
  title = {Wireshark},
  publisher = {code.wireshark.org},
  journal = {Debian Unstable},
  howpublished = {\url{code.wireshark.org}},
  version={2.6.8-1}
}
@misc{savvycan,
  title = {SavvyCAN},
  publisher = {GitHub},
  journal = {GitHub repository},
  howpublished = {\url{https://github.com/collin80/SavvyCAN}},
  date={2019-03-18},
  commit = {48aa49ad129732d0fc7356db7a78e2c0b53506bd},
}
@misc{canutils,
  title = {Linux-CAN},
  publisher = {GitHub},
  journal = {GitHub repository},
  howpublished = {\url{https://github.com/linux-can/can-utils}},
  version={v2018.02.0},
  date={2018-02-11},
  commit = {c5fd57df344710cbe7363079504de5d6f6a2e79d},
}
@misc{canbittiming,
  title={Computation of CAN Bit Timing Parameters Simplified},
  author={Meenanath Taralkar},
  number={iCC 2012},
  pagetotal={8},
}
@conference{ros,
	title = {ROS: an open-source Robot Operating System},
	booktitle = {ICRA Workshop on Open Source Software},
	year = {2009},
	attachments = {http://www.willowgarage.com/sites/default/files/icraoss09-ROS.pdf},
	author = {Morgan Quigley and Ken Conley and Brian P. Gerkey and Josh Faust and Tully Foote and Jeremy Leibs and Rob Wheeler and Andrew Y. Ng},
}
@techreport{ogdynamite,
  title={CAN Message Injection: OG Dynamite Edition},
  author={Charlie Miller and Chris Valasek},
  date={2016-06-28},
  pagetotal={29},
}
@online{canerrors,
  url={https://www.kvaser.com/about-can/the-can-protocol/can-error-handling/},
  author={Kvaser},
  title={CAN Bus Error Handling},
}
@inproceedings{errorvulns,
  author = {Cho, Kyong-Tak and Shin, Kang G.},
  title = {Error Handling of In-vehicle Networks Makes Them Vulnerable},
  booktitle = {Proceedings of the 2016 ACM SIGSAC Conference on Computer and Communications Security},
  series = {CCS '16},
  year = {2016},
  isbn = {978-1-4503-4139-4},
  location = {Vienna, Austria},
  pages = {1044--1055},
  pagetotal = {12},
  url = {http://doi.acm.org/10.1145/2976749.2978302},
  doi = {10.1145/2976749.2978302},
  acmid = {2978302},
  publisher = {ACM},
  address = {New York, NY, USA},
  keywords = {automotive cybersecurity, controller area networks, denial-of-service attack, error handling},
}
@inproceedings{fingerprinting,
  author = {Kyong-Tak Cho and Kang G. Shin},
  title = {Fingerprinting Electronic Control Units for Vehicle Intrusion Detection},
  booktitle = {25th {USENIX} Security Symposium ({USENIX} Security 16)},
  year = {2016},
  isbn = {978-1-931971-32-4},
  address = {Austin, TX},
  pages = {911--927},
  url = {https://www.usenix.org/conference/usenixsecurity16/technical-sessions/presentation/cho},
  publisher = {{USENIX} Association},
}
