@manual{nrf52sdk,
  title={nRF5 SDK Documentation},
  author={Nordic Semiconductor},
  address={Karenslyst Allé 5, 0278 Oslo, Norway},
  date={2019-02},
  url={https://infocenter.nordicsemi.com/index.jsp?topic=\%2Fcom.nordic.infocenter.sdk5.v15.3.0},
}
@manual{nrf52840,
  title={nRF52840 Product Specification},
  author={Nordic Semiconductor},
  address={Karenslyst Allé 5, 0278 Oslo, Norway},
  date={2019-03-04},
  version={1.1},
  url={https://infocenter.nordicsemi.com/pdf/nRF52840_PS_v1.1.pdf},
  pages={619},
}
