% Encoding: UTF-8                                                              
                                                                               
@Book{notcurses,                                                           
  author    = {Nick Black},
  title     = {Hacking the Planet (with Notcurses): A Guide to Character Graphics and TUIs},
  year      = {2020},
  edition   = {1},
  publisher = {Kindle Direct Publishing},
  isbn      = {9798620069491},
}

@techreport{segmentation,
  %editor={Mark Davis and Christopher Chapman},
  author = {The Unicode Consortium},
  year = {2020},
  address = {Mountain View, CA},
}

@techreport{zwjseqs,
  author = {The Unicode Consortium},
  title = {UnicodeÂ® Data Files: Emoji ZWJ Sequences},
  year = {2020},
  biburl = {https://www.unicode.org/Public/emoji/13.1/emoji-zwj-sequences.txt},
  address = {Mountain View, CA},
}
