@techreport{rfc2978,
  author = {N. Freed and J. Postel},
  title = {IANA Charset Registration Procedures},
  howpublished = {Internet Requests for Comments},
  type = {BCP},
  number = {19},
  year = {2000},
  month = {October},
  issn = {2070-1721},
  publisher = {RFC Editor},
  institution = {RFC Editor},
}

@manual{unicodeglossary,
  title = "Glossary of Unicode Terms",
  author = "Unicode Consortium",
  url = "http://www.unicode.org/glossary/",
  year = "2019 (accessed 2020-02-15)"
}

@book{codedcharactersets,
  title={Coded Character Sets, History and Development},
  author={Charles E.\ Mackenzie},
  year={1980},
  pagetotal={513},
  publisher={Addison-Wesley Publishing Company},
}
